@online{Huang,
    author = "Naijing Huang",
    title = "Narrow the gap between neoclassic RBC model and stylized US economy data",
    url = "https://view44.book118.com/pdf/dXAxMC5ib29r
    MTE4LmNvbS44MFw2ODY5MzQtNTY2M2ZlNDM5MTcyNS5wZGY%3d?readpage=Uj
    6UoNi2h5cTr_5H9KLa7Q%3D%3D&furl=YOQStEpojXCIA_ULUYRf8P1qeeMAND
    DoVzNpryQU5K5PnluN3HPxq0eLORCnwZMs850CU3msxa8X7UUinDKozo3BIjYa
    3kLRxOLfIZA7WV0%3D&token=4EkkGgHAl8btuIgfnWqJk1OrgiR%40wP9v",
    keywords = "RBC, technical shocks"

}